@article{lruk,
 author = {O'Neil, Elizabeth J. and O'Neil, Patrick E. and Weikum, Gerhard},
 title = {The LRU-K page replacement algorithm for database disk buffering},
 journal = {SIGMOD Rec.},
 issue_date = {June 1, 1993},
 volume = {22},
 number = {2},
 month = jun,
 year = {1993},
 issn = {0163-5808},
 pages = {297--306},
 numpages = {10},
 url = {http://doi.acm.org/10.1145/170036.170081},
 doi = {10.1145/170036.170081},
 acmid = {170081},
 publisher = {ACM},
 address = {New York, NY, USA},
} 
